@online{v402,
  title = {Versuch 402: Die Dispersion am Glasprisma},
  urldate = "2018-05-20",
  url ="http://129.217.224.2/HOMEPAGE/PHYSIKER/BACHELOR/AP/SKRIPT/V402.pdf
}
